<?xml version="1.0" encoding="UTF-8"?><collection xmlns="http://www.loc.gov/MARC21/slim"><record><leader>00543nam--2200181-i-4500</leader><controlfield tag="001">000025992</controlfield><controlfield tag="002">20161230</controlfield><controlfield tag="005">20161230201036</controlfield><controlfield tag="008">060222s1000------------r-----000-0-eng-d</controlfield><datafield ind1=" " ind2=" " tag="040"><subfield code="a">IFIN-HH</subfield></datafield><datafield ind1=" " ind2=" " tag="080"><subfield code="a">538.975:546.3</subfield></datafield><datafield ind1="1" ind2=" " tag="100"><subfield code="a">Kaminsky, Manfred</subfield></datafield><datafield ind1="1" ind2="0" tag="245"><subfield code="a">Atomic and ionic impact phenomena on metal surfaces</subfield><subfield code="c">Manfred kaminsky</subfield></datafield><datafield ind1=" " ind2=" " tag="260"><subfield code="a">Berlin</subfield><subfield code="b">Springer-verlag</subfield><subfield code="c">1965</subfield></datafield><datafield ind1=" " ind2=" " tag="300"><subfield code="a">XII + 402P</subfield></datafield><datafield ind1=" " ind2=" " tag="490"><subfield code="a">Struktur Und Eigenschaften Der Materie In Einzeldarstellungen. Xxv</subfield></datafield><datafield ind1=" " ind2=" " tag="852"><subfield code="a">16831</subfield><subfield code="c">53</subfield></datafield><datafield ind1=" " ind2=" " tag="CAT"><subfield code="a">Sys</subfield><subfield code="c">20150216</subfield><subfield code="h">233147</subfield></datafield></record></collection>